%YAML 1.1
%TAG !u! tag:unity3d.com,2011:
--- !u!1 &5452801405149139554
GameObject:
  m_ObjectHideFlags: 0
  m_CorrespondingSourceObject: {fileID: 0}
  m_PrefabInstance: {fileID: 0}
  m_PrefabAsset: {fileID: 0}
  serializedVersion: 6
  m_Component:
  - component: {fileID: 775118176525282402}
  - component: {fileID: 6297551131360270403}
  m_Layer: 0
  m_Name: Splash
  m_TagString: Untagged
  m_Icon: {fileID: 0}
  m_NavMeshLayer: 0
  m_StaticEditorFlags: 0
  m_IsActive: 1
--- !u!4 &775118176525282402
Transform:
  m_ObjectHideFlags: 0
  m_CorrespondingSourceObject: {fileID: 0}
  m_PrefabInstance: {fileID: 0}
  m_PrefabAsset: {fileID: 0}
  m_GameObject: {fileID: 5452801405149139554}
  m_LocalRotation: {x: 0, y: 0, z: 0, w: 1}
  m_LocalPosition: {x: 0, y: 0, z: 0}
  m_LocalScale: {x: 1, y: 1, z: 1}
  m_Children:
  - {fileID: 6625594738376034834}
  - {fileID: 6436202307417051343}
  m_Father: {fileID: 0}
  m_RootOrder: 0
  m_LocalEulerAnglesHint: {x: 0, y: 0, z: 0}
--- !u!114 &6297551131360270403
MonoBehaviour:
  m_ObjectHideFlags: 0
  m_CorrespondingSourceObject: {fileID: 0}
  m_PrefabInstance: {fileID: 0}
  m_PrefabAsset: {fileID: 0}
  m_GameObject: {fileID: 5452801405149139554}
  m_Enabled: 1
  m_EditorHideFlags: 0
  m_Script: {fileID: 11500000, guid: eb6f15e2ba480114ea3cd0ff8ebf6c07, type: 3}
  m_Name: 
  m_EditorClassIdentifier: 
  Duration: 5
--- !u!1001 &6509636287105915824
PrefabInstance:
  m_ObjectHideFlags: 0
  serializedVersion: 2
  m_Modification:
    m_TransformParent: {fileID: 775118176525282402}
    m_Modifications:
    - target: {fileID: 118229356486660517, guid: 0bb7849a98890cf42b68101eb9825a8e,
        type: 3}
      propertyPath: m_Name
      value: Splash_1
      objectReference: {fileID: 0}
    - target: {fileID: 118229356486660514, guid: 0bb7849a98890cf42b68101eb9825a8e,
        type: 3}
      propertyPath: m_LocalPosition.x
      value: -0.5
      objectReference: {fileID: 0}
    - target: {fileID: 118229356486660514, guid: 0bb7849a98890cf42b68101eb9825a8e,
        type: 3}
      propertyPath: m_LocalPosition.y
      value: -6.1
      objectReference: {fileID: 0}
    - target: {fileID: 118229356486660514, guid: 0bb7849a98890cf42b68101eb9825a8e,
        type: 3}
      propertyPath: m_LocalPosition.z
      value: -5
      objectReference: {fileID: 0}
    - target: {fileID: 118229356486660514, guid: 0bb7849a98890cf42b68101eb9825a8e,
        type: 3}
      propertyPath: m_LocalRotation.x
      value: 0
      objectReference: {fileID: 0}
    - target: {fileID: 118229356486660514, guid: 0bb7849a98890cf42b68101eb9825a8e,
        type: 3}
      propertyPath: m_LocalRotation.y
      value: 0
      objectReference: {fileID: 0}
    - target: {fileID: 118229356486660514, guid: 0bb7849a98890cf42b68101eb9825a8e,
        type: 3}
      propertyPath: m_LocalRotation.z
      value: 0
      objectReference: {fileID: 0}
    - target: {fileID: 118229356486660514, guid: 0bb7849a98890cf42b68101eb9825a8e,
        type: 3}
      propertyPath: m_LocalRotation.w
      value: 1
      objectReference: {fileID: 0}
    - target: {fileID: 118229356486660514, guid: 0bb7849a98890cf42b68101eb9825a8e,
        type: 3}
      propertyPath: m_RootOrder
      value: 0
      objectReference: {fileID: 0}
    - target: {fileID: 118229356486660514, guid: 0bb7849a98890cf42b68101eb9825a8e,
        type: 3}
      propertyPath: m_LocalEulerAnglesHint.x
      value: 0
      objectReference: {fileID: 0}
    - target: {fileID: 118229356486660514, guid: 0bb7849a98890cf42b68101eb9825a8e,
        type: 3}
      propertyPath: m_LocalEulerAnglesHint.y
      value: 0
      objectReference: {fileID: 0}
    - target: {fileID: 118229356486660514, guid: 0bb7849a98890cf42b68101eb9825a8e,
        type: 3}
      propertyPath: m_LocalEulerAnglesHint.z
      value: 0
      objectReference: {fileID: 0}
    - target: {fileID: 118229356486660515, guid: 0bb7849a98890cf42b68101eb9825a8e,
        type: 3}
      propertyPath: InitialModule.startColor.minMaxState
      value: 0
      objectReference: {fileID: 0}
    - target: {fileID: 118229356486660515, guid: 0bb7849a98890cf42b68101eb9825a8e,
        type: 3}
      propertyPath: InitialModule.startColor.maxColor.r
      value: 1
      objectReference: {fileID: 0}
    - target: {fileID: 118229356486660515, guid: 0bb7849a98890cf42b68101eb9825a8e,
        type: 3}
      propertyPath: InitialModule.startColor.maxColor.g
      value: 0.08018869
      objectReference: {fileID: 0}
    - target: {fileID: 118229356486660515, guid: 0bb7849a98890cf42b68101eb9825a8e,
        type: 3}
      propertyPath: InitialModule.startColor.maxColor.b
      value: 0.08018869
      objectReference: {fileID: 0}
    - target: {fileID: 118229356486660515, guid: 0bb7849a98890cf42b68101eb9825a8e,
        type: 3}
      propertyPath: InitialModule.startColor.maxColor.a
      value: 1
      objectReference: {fileID: 0}
    - target: {fileID: 118229356486660516, guid: 0bb7849a98890cf42b68101eb9825a8e,
        type: 3}
      propertyPath: m_SortingOrder
      value: -5
      objectReference: {fileID: 0}
    - target: {fileID: 118229355790524176, guid: 0bb7849a98890cf42b68101eb9825a8e,
        type: 3}
      propertyPath: InitialModule.startColor.maxColor.r
      value: 1
      objectReference: {fileID: 0}
    - target: {fileID: 118229355790524176, guid: 0bb7849a98890cf42b68101eb9825a8e,
        type: 3}
      propertyPath: InitialModule.startColor.maxColor.g
      value: 0.08018869
      objectReference: {fileID: 0}
    - target: {fileID: 118229355790524176, guid: 0bb7849a98890cf42b68101eb9825a8e,
        type: 3}
      propertyPath: InitialModule.startColor.maxColor.b
      value: 0.08018869
      objectReference: {fileID: 0}
    m_RemovedComponents: []
  m_SourcePrefab: {fileID: 100100000, guid: 0bb7849a98890cf42b68101eb9825a8e, type: 3}
--- !u!4 &6625594738376034834 stripped
Transform:
  m_CorrespondingSourceObject: {fileID: 118229356486660514, guid: 0bb7849a98890cf42b68101eb9825a8e,
    type: 3}
  m_PrefabInstance: {fileID: 6509636287105915824}
  m_PrefabAsset: {fileID: 0}
--- !u!1001 &7985051610817232344
PrefabInstance:
  m_ObjectHideFlags: 0
  serializedVersion: 2
  m_Modification:
    m_TransformParent: {fileID: 775118176525282402}
    m_Modifications:
    - target: {fileID: 1324585779986068093, guid: 02c03066bad5d3940a33087d76155dfb,
        type: 3}
      propertyPath: m_Name
      value: Splash_2
      objectReference: {fileID: 0}
    - target: {fileID: 3999585454827466007, guid: 02c03066bad5d3940a33087d76155dfb,
        type: 3}
      propertyPath: m_LocalPosition.x
      value: -0.5
      objectReference: {fileID: 0}
    - target: {fileID: 3999585454827466007, guid: 02c03066bad5d3940a33087d76155dfb,
        type: 3}
      propertyPath: m_LocalPosition.y
      value: -6.1
      objectReference: {fileID: 0}
    - target: {fileID: 3999585454827466007, guid: 02c03066bad5d3940a33087d76155dfb,
        type: 3}
      propertyPath: m_LocalPosition.z
      value: -5
      objectReference: {fileID: 0}
    - target: {fileID: 3999585454827466007, guid: 02c03066bad5d3940a33087d76155dfb,
        type: 3}
      propertyPath: m_LocalRotation.x
      value: 0
      objectReference: {fileID: 0}
    - target: {fileID: 3999585454827466007, guid: 02c03066bad5d3940a33087d76155dfb,
        type: 3}
      propertyPath: m_LocalRotation.y
      value: 0
      objectReference: {fileID: 0}
    - target: {fileID: 3999585454827466007, guid: 02c03066bad5d3940a33087d76155dfb,
        type: 3}
      propertyPath: m_LocalRotation.z
      value: 0
      objectReference: {fileID: 0}
    - target: {fileID: 3999585454827466007, guid: 02c03066bad5d3940a33087d76155dfb,
        type: 3}
      propertyPath: m_LocalRotation.w
      value: 1
      objectReference: {fileID: 0}
    - target: {fileID: 3999585454827466007, guid: 02c03066bad5d3940a33087d76155dfb,
        type: 3}
      propertyPath: m_RootOrder
      value: 1
      objectReference: {fileID: 0}
    - target: {fileID: 3999585454827466007, guid: 02c03066bad5d3940a33087d76155dfb,
        type: 3}
      propertyPath: m_LocalEulerAnglesHint.x
      value: 0
      objectReference: {fileID: 0}
    - target: {fileID: 3999585454827466007, guid: 02c03066bad5d3940a33087d76155dfb,
        type: 3}
      propertyPath: m_LocalEulerAnglesHint.y
      value: 0
      objectReference: {fileID: 0}
    - target: {fileID: 3999585454827466007, guid: 02c03066bad5d3940a33087d76155dfb,
        type: 3}
      propertyPath: m_LocalEulerAnglesHint.z
      value: 0
      objectReference: {fileID: 0}
    - target: {fileID: 6291475863119546104, guid: 02c03066bad5d3940a33087d76155dfb,
        type: 3}
      propertyPath: InitialModule.startColor.minMaxState
      value: 0
      objectReference: {fileID: 0}
    - target: {fileID: 6291475863119546104, guid: 02c03066bad5d3940a33087d76155dfb,
        type: 3}
      propertyPath: InitialModule.startColor.maxColor.r
      value: 1
      objectReference: {fileID: 0}
    - target: {fileID: 6291475863119546104, guid: 02c03066bad5d3940a33087d76155dfb,
        type: 3}
      propertyPath: InitialModule.startColor.maxColor.g
      value: 0.08018869
      objectReference: {fileID: 0}
    - target: {fileID: 6291475863119546104, guid: 02c03066bad5d3940a33087d76155dfb,
        type: 3}
      propertyPath: InitialModule.startColor.maxColor.b
      value: 0.08018869
      objectReference: {fileID: 0}
    - target: {fileID: 6291475863119546104, guid: 02c03066bad5d3940a33087d76155dfb,
        type: 3}
      propertyPath: InitialModule.startColor.maxColor.a
      value: 1
      objectReference: {fileID: 0}
    - target: {fileID: 152145624560301346, guid: 02c03066bad5d3940a33087d76155dfb,
        type: 3}
      propertyPath: m_SortingOrder
      value: -5
      objectReference: {fileID: 0}
    m_RemovedComponents: []
  m_SourcePrefab: {fileID: 100100000, guid: 02c03066bad5d3940a33087d76155dfb, type: 3}
--- !u!4 &6436202307417051343 stripped
Transform:
  m_CorrespondingSourceObject: {fileID: 3999585454827466007, guid: 02c03066bad5d3940a33087d76155dfb,
    type: 3}
  m_PrefabInstance: {fileID: 7985051610817232344}
  m_PrefabAsset: {fileID: 0}
