%YAML 1.1
%TAG !u! tag:unity3d.com,2011:
--- !u!1 &3203121480114030876
GameObject:
  m_ObjectHideFlags: 0
  m_CorrespondingSourceObject: {fileID: 0}
  m_PrefabInstance: {fileID: 0}
  m_PrefabAsset: {fileID: 0}
  serializedVersion: 6
  m_Component:
  - component: {fileID: 3203121480114030866}
  - component: {fileID: 3203121480114030865}
  - component: {fileID: 3203121480114030864}
  - component: {fileID: 3203121480114030879}
  - component: {fileID: 3203121480114030878}
  - component: {fileID: 3203121480114030877}
  m_Layer: 2
  m_Name: New Water2D
  m_TagString: Untagged
  m_Icon: {fileID: 0}
  m_NavMeshLayer: 0
  m_StaticEditorFlags: 0
  m_IsActive: 1
--- !u!4 &3203121480114030866
Transform:
  m_ObjectHideFlags: 0
  m_CorrespondingSourceObject: {fileID: 0}
  m_PrefabInstance: {fileID: 0}
  m_PrefabAsset: {fileID: 0}
  m_GameObject: {fileID: 3203121480114030876}
  m_LocalRotation: {x: 0, y: 0, z: 0, w: 1}
  m_LocalPosition: {x: 15.57, y: -0.71, z: 0.01}
  m_LocalScale: {x: 1, y: 1, z: 1}
  m_Children: []
  m_Father: {fileID: 0}
  m_RootOrder: 0
  m_LocalEulerAnglesHint: {x: 0, y: 0, z: 0}
--- !u!23 &3203121480114030865
MeshRenderer:
  m_ObjectHideFlags: 0
  m_CorrespondingSourceObject: {fileID: 0}
  m_PrefabInstance: {fileID: 0}
  m_PrefabAsset: {fileID: 0}
  m_GameObject: {fileID: 3203121480114030876}
  m_Enabled: 1
  m_CastShadows: 1
  m_ReceiveShadows: 1
  m_DynamicOccludee: 1
  m_MotionVectors: 1
  m_LightProbeUsage: 1
  m_ReflectionProbeUsage: 1
  m_RenderingLayerMask: 1
  m_RendererPriority: 0
  m_Materials:
  - {fileID: 2100000, guid: 0a39b9296b4439d4ea9c316fae1a4deb, type: 2}
  m_StaticBatchInfo:
    firstSubMesh: 0
    subMeshCount: 0
  m_StaticBatchRoot: {fileID: 0}
  m_ProbeAnchor: {fileID: 0}
  m_LightProbeVolumeOverride: {fileID: 0}
  m_ScaleInLightmap: 1
  m_PreserveUVs: 0
  m_IgnoreNormalsForChartDetection: 0
  m_ImportantGI: 0
  m_StitchLightmapSeams: 0
  m_SelectedEditorRenderState: 2
  m_MinimumChartSize: 4
  m_AutoUVMaxDistance: 0.5
  m_AutoUVMaxAngle: 89
  m_LightmapParameters: {fileID: 0}
  m_SortingLayerID: 0
  m_SortingLayer: 0
  m_SortingOrder: 0
--- !u!33 &3203121480114030864
MeshFilter:
  m_ObjectHideFlags: 0
  m_CorrespondingSourceObject: {fileID: 0}
  m_PrefabInstance: {fileID: 0}
  m_PrefabAsset: {fileID: 0}
  m_GameObject: {fileID: 3203121480114030876}
  m_Mesh: {fileID: 4300000, guid: c861633bd30e34540b82d2470ad71048, type: 2}
--- !u!114 &3203121480114030879
MonoBehaviour:
  m_ObjectHideFlags: 0
  m_CorrespondingSourceObject: {fileID: 0}
  m_PrefabInstance: {fileID: 0}
  m_PrefabAsset: {fileID: 0}
  m_GameObject: {fileID: 3203121480114030876}
  m_Enabled: 1
  m_EditorHideFlags: 0
  m_Script: {fileID: 11500000, guid: 6ea03457dd2337d4eabc8643ca6a7a46, type: 3}
  m_Name: 
  m_EditorClassIdentifier: 
  boundsAndNormals: 1
  showVisuals: 1
  showCollider: 1
  showInfo: 1
  showCubeWater: 1
  unitsPerUV: {x: 5.12, y: 20.48}
  unitsPerUV2: {x: 1, y: 1}
  rUnitsPerUV: {x: 0.1953125, y: 0.048828125}
  rUnitsPerUV2: {x: 1, y: 1}
  xSegments: 83
  zSegments: 1
  width: 27.553402
  height: 9.79858
  length: 1
  pixelsPerUnit: 100
  segmentsPerUnit: 3
  showMesh: 0
  createCollider: 1
  colliderYAxisOffset: 0
  handlesPosition:
  - {x: 0, y: 4.89929, z: 0}
  - {x: 0, y: -4.8992896, z: 0}
  - {x: -13.776701, y: 0, z: 0}
  - {x: 13.776701, y: 0, z: 0}
  curentWaterArea: 269.98422
  use3DCollider: 0
  overlapingSphereZOffset: 0.5
  boxColliderZSize: 1
  handleScale: 1
  cubeWater: 0
  zSize: 10
  frontMeshVertsCount: 168
  waterHeight: 9.79858
  waterWidth: 27.553402
  useHandles: 1
  prevSurfaceVertsCount: 84
  xVerts: 84
  yVerts: 2
  zVerts: 2
  squareSegments: 0
  showMeshInfo: 0
  renderTextureWidth: 128
  renderTextureHeight: 128
  water2DRippleScript: 0
  quadMesh: 0
  zSegmentsCap: 0
  zSegmentsSize: 1
  topMeshGameObject: {fileID: 0}
  boxColliderCenterOffset: {x: 0, y: 0, z: 0}
  boxColliderSizeOffset: {x: 0, y: 0, z: 0}
  prefabInstanceIsCreated: 0
--- !u!114 &3203121480114030878
MonoBehaviour:
  m_ObjectHideFlags: 0
  m_CorrespondingSourceObject: {fileID: 0}
  m_PrefabInstance: {fileID: 0}
  m_PrefabAsset: {fileID: 0}
  m_GameObject: {fileID: 3203121480114030876}
  m_Enabled: 1
  m_EditorHideFlags: 0
  m_Script: {fileID: 11500000, guid: 39104e7689a801045a284cca0676d421, type: 3}
  m_Name: 
  m_EditorClassIdentifier: 
  showSpringProperties: 1
  showfloatingBuoyantForce: 1
  showAnimation: 1
  showFlow: 1
  showMiscellaneous: 1
  showSurfaceWaves: 1
  showPlayerSettings: 1
  buoyantForceMode: 1
  surfaceWaves: 0
  waterType: 0
  animationMethod: 1
  clippingMethod: 0
  flowDirection: 3
  sineWavesType: 0
  characterControllerType: 0
  collisionDetectionMode: 1
  playerOnExitVelocity: 0.2
  playerOnExitRipple: 0
  playerOnExitPSAndSound: 0
  sineAmplitudes:
  - 0.09856699
  - 0.026193943
  - 0.07747422
  - 0.012932663
  sineStretches:
  - 1.741788
  - 0.93337774
  - 1.2305579
  - 1.3134708
  phaseOffset:
  - 0.0846557
  - 0.056373898
  - 0.065824084
  - 0.039837036
  defaultWaterAreaOffset: 0
  sineWaves: 4
  springConstant: 0.02
  damping: 0.04
  spread: 0.03
  floatHeight: 3
  bounceDamping: 0.15
  forcePositionOffset: {x: 0, y: 0, z: 0}
  collisionVelocityScale: 0.0125
  topEdge: {fileID: 0}
  bottomEdge: {fileID: 0}
  leftEdge: {fileID: 0}
  rightEdge: {fileID: 0}
  particleS: {fileID: 100000, guid: 738b8fa367e15e5428bcf8f389b740f3, type: 3}
  constantWaterArea: 0
  waterDisplacement: 0
  animateWaterArea: 0
  waveSpeed: 8
  velocityFilter: -2
  waterDensity: 1
  polygonCorners: 8
  maxDrag: 500
  maxLift: 200
  dragCoefficient: 0.4
  liftCoefficient: 0.25
  timeStep: 0.5
  maxAmplitude: 0.1
  minAmplitude: 0.01
  maxStretch: 2
  minStretch: 0.8
  maxPhaseOffset: 0.1
  minPhaseOffset: 0.02
  maxVelocity: 0.1
  minVelocity: -0.1
  forceScale: 4
  liniarBFDragCoefficient: 0.1
  liniarBFAbgularDragCoefficient: 0.01
  interactionRegion: 1
  waterLineCurrentWorldPos: {x: 0, y: 0, z: 0}
  splashSound: {fileID: 8300000, guid: 887fc33bbbbf27a43801fabe470eacfd, type: 3}
  playerBoundingBoxSize: {x: 1, y: 1}
  playerBoundingBoxCenter: {x: 0, y: 0}
  playerBuoyantForceScale: 0.5
  showPolygon: 1
  showForces: 0
  neighborVertVelocityScale: 0.5
  sineWaveVelocityScale: 0.05
  overlapSphereRadius: 0.05
  springSimulation: 1
  topEdgeYOffset: 0
  bottomEdgeYOffset: 0
  leftEdgeXOffset: 0
  rightEdgeXOffset: 0
  particleSystemPosOffset: {x: 0, y: 0, z: 0}
  particleSystemSortingLayerName: Default
  particleSystemOrderInLayer: 0
  meshSegmentsPerWaterLineSegment: 4
  showClippingPlolygon: 0
  waterFlow: 0
  flowAngle: 0
  waterFlowForce: 5
  useAngles: 0
  waveAmplitude: 0.1
  waveStretch: 1
  wavePhaseOffset: 0.2
  randomValues: 0
  particleSystemSorting: 0
  rippleWidth: 1
  playerOnEnterVelocity: -0.2
  collisionLayers:
    serializedVersion: 2
    m_Bits: 4294967295
  raycastDistance: 0.05
  interactionTime: 5
--- !u!61 &3203121480114030877
BoxCollider2D:
  m_ObjectHideFlags: 0
  m_CorrespondingSourceObject: {fileID: 0}
  m_PrefabInstance: {fileID: 0}
  m_PrefabAsset: {fileID: 0}
  m_GameObject: {fileID: 3203121480114030876}
  m_Enabled: 1
  m_Density: 1
  m_Material: {fileID: 0}
  m_IsTrigger: 1
  m_UsedByEffector: 0
  m_UsedByComposite: 0
  m_Offset: {x: 0, y: 0.00000047683716}
  m_SpriteTilingProperty:
    border: {x: 0, y: 0, z: 0, w: 0}
    pivot: {x: 0, y: 0}
    oldSize: {x: 0, y: 0}
    newSize: {x: 0, y: 0}
    adaptiveTilingThreshold: 0
    drawMode: 0
    adaptiveTiling: 0
  m_AutoTiling: 0
  serializedVersion: 2
  m_Size: {x: 27.553402, y: 9.79858}
  m_EdgeRadius: 0
